%%%%% Echte Zitate %%%%%

@ARTICLE{Nair2011,
  author = {Nair, Mohan},
  title = {Understanding and measuring the value of social media},
  journal = {Journal of Corporate Accounting \& Finance},
  volume = {22},
  number = {3},
  publisher = {Wiley Subscription Services, Inc., A Wiley Company},
  pages = {45--51},
  year = {2011}
}


@ARTICLE{Alt2012,
  year={2012},
  journal={Business \& Information Systems Engineering},
  volume={4},
  number={5},
  title={Social Customer Relationship Management (Social CRM)},
  publisher={SP Gabler Verlag},
  author={Alt, Rainer and Reinhold, Olaf},
  pages={287-291}
}


@ARTICLE{Hennig2010,
  author={Hennig-Thurau, Thorsten and Malthouse, Edward C. and Friege, Christian and Gensler, Sonja and Lobschat, Lara and Rangaswamy, Arvind and Skiera Bernd},     
  journal={Journal of Service Research}, 
  title={The Impact of New Media on Customer Relationships},
  year={2010},
  month={August},
  volume={13},
  number={3},
  pages={311 - 330}
}

@INPROCEEDINGS{Coughlin2007,
  author={Coughlin, J.F. and D'Ambrosio, L.A. and Reimer, B. and Pratt, M. R.},
  booktitle={Engineering in Medicine and Biology Society, 2007. EMBS 2007. 29th Annual International Conference of the IEEE},
  title={Older Adult Perceptions of Smart Home Technologies: Implications for Research},
  year={2007},
  pages={1810-1815},
  ISSN={1557-170X}
}

@ARTICLE{Foster2010,
  author = {Foster, Mary K. and Francescucci, Anthony and West, Bettina C.},
  title = {Why Users Participate in Online Social Networks},
  journal = {International Journal of e-Business Management},
  volume = {4},
  number = {1},
  year = {2010}
}

%BSP für ein Buch
@BOOK{Aigner2011_visualization,
  title = {Visualization of Time-Oriented Data},
  isbn = {978-0-85729-078-6},
  publisher = {Springer Verlag},
  author = {Aigner, Wolfgang and Miksch, Silvia and Schumann, Heidrun and Tominski, Christian},
  year = {2011}
}

%BSP für einen Auszug aus einer Konferenz
@INPROCEEDINGS{Roland2012_NFC, 
  author={Roland, M. and Langer, J. and Scharinger, J.}, 
  booktitle={Near Field Communication (NFC), 2012 4th International Workshop on}, 
  title={Practical Attack Scenarios on Secure Element-Enabled Mobile Devices}, 
  year={2012}, 	
  pages={19-24}
}

%BSP für ein online Dokument
@MISC{BSD2005_RFID,
  author = {Bundesamt für Sicherheit in der Informationstechnik},
  title = {Risiken und Chancen des Einsatzes von RFID-Systemen},
  howpublished = {\url{https://www.bsi.bund.de/SharedDocs/Downloads/DE/BSI/ElekAusweise/RFID/RIKCHA_barrierefrei_pdf.pdf}},
  year = {2005},
  note = {Accessed: 2013-10-29}
}

%Bsp für einen Artikel
@ARTICLE{Ortiz2007_ESB,
  author={Ortiz, Sixto Jr.},
  journal={Computer}, 
  title={Getting on Board the Enterprise Service Bus},
  year={2007},
  month={april},
  volume={40},
  number={4},
  pages={15 -17},
  ISSN={0018-9162}
}


