@MISC{Wan2013,
  author={Wan, Yat-wah},
  title={Supplier Evaluation and Selection},
  howpublished={\url{http://faculty.ndhu.edu.tw/~ywan/courses/purchasing/slides/lect_4_Supplier_Selection_n_Examination.pps
}},
  year={2013},
  note={Accessed:	2013-12-28}
}

@MISC{L339,
  title={The Cloud and Outsourcing: A New World Awaits},
  howpublished={\url{http://deloitte.wsj.com/cio/2013/01/14/the-cloud-and-outsourcing-a-new-world-awaits/
}},
  year={2013},
  note={Accessed:	2013-12-28}
}

@MISC{341,
  author={Rebecca Merrett},
  title={Where is IT outsourcing heading in 2013?},
  howpublished={\url{http://www.cio.com.au/article/439173/where_it_outsourcing_heading_2013_/
}},
  year={2013},
  note={Accessed:	2013-12-28}
}

@MISC{ISG17,
  author={Joe McKendrick},
  title={Cloud is Disrupting the Outsourcing Industry},
  howpublished={\url{http://www.forbes.com/sites/joemckendrick/2012/10/23/cloud-is-disrupting-the-outsourcing-industry/
}},
  year={2013},
  note={Accessed:	2013-12-27}
}
@MISC{OVUM342,
  author={Steve Ranger},
  title={Outsourcing: Not dead, but evolving thanks to the cloud},
  howpublished={\url{http://www.techrepublic.com/blog/tech-decision-maker/outsourcing-not-dead-but-evolving-thanks-to-the-cloud/ 
}},
  year={2013},
  note={Accessed:	2013-12-27}
}
@MISC{Works_Jan_2011_Finalpdf,
  title={Standard Tender Documents},
  howpublished={\url{http://www.ebrd.com/downloads/procurement/Works_Jan_2011_Final.doc 
}},
  year={2013},
  note={Accessed:	2013-12-29}
}
@MISC{gcehtml,
  title={GENERAL CONDITIONS OF TENDER},
  howpublished={\url{http://emits.sso.esa.int/emits-doc/e_support/GCE/gce.html
}},
  year={2013},
  note={Accessed:	2013-12-29}
}
@MISC{ewsi_terms_of_referencepdf,
  title={TENDER SPECIFICATIONS ATTACHED TO THE INVITATION TO TENDER},
  howpublished={\url{http://ec.europa.eu/dgs/home-affairs/financing/tenders/documents/docs/2011/05/ewsi_terms_of_reference.pdf 
}},
  year={2013},
  note={Accessed:	2013-12-29}
}
@INPROCEEDINGS{6468246,
author={ur Rehman, Z. and Hussain, O.K. and Hussain, F.K.},
booktitle={e-Business Engineering (ICEBE), 2012 IEEE Ninth International Conference on},
title={Iaas Cloud Selection using MCDM Methods},
year={2012},
pages={246-251},
keywords={cloud computing;decision making;operations research;performance evaluation;IaaS cloud selection;MCDM method;cloud computing;cloud service providers;cloud service user;multicriteria decision making;operations research;performance measurements;service selection decision making;third party monitoring service;Cloud computing;Decision making;Educational institutions;Monitoring;Operations research;Programming;Vectors;IaaS;MCDM;Service Selection},
doi={10.1109/ICEBE.2012.47},}
@INPROCEEDINGS{5573795,
author={Lei Zhang and Xi Chen and Chong-yang Zhang and Zhi-ping Fan},
booktitle={Information Science and Management Engineering (ISME), 2010 International Conference of},
title={A Method for Service Outsourcing Vendor Selection},
year={2010},
volume={2},
pages={432-435},
keywords={decision making;integral equations;outsourcing;service industries;Choquet integral;axiom design theory;decision making process;service outsourcing vendor selection;Biological system modeling;Companies;Decision making;Design methodology;Information science;Outsourcing;Telecommunications;choquet integral;decision;information content;service outsourcing;vendor},
doi={10.1109/ISME.2010.239},}
@INPROCEEDINGS{4679450,
author={Jian-jun Wang and Rui Gu and Xin-Jun Diao},
booktitle={Wireless Communications, Networking and Mobile Computing, 2008. WiCOM '08. 4th International Conference on},
title={Using a Hybrid Multi-Criteria Decision Aid Method for Outsourcing Vendor Selection},
year={2008},
pages={1-4},
keywords={decision making;outsourcing;AHP method;Promethee method;decision-making tool;hybrid multicriteria decision aid method;outsourcing vendor selection;Contracts;Costs;Cultural differences;Customer satisfaction;Decision making;Lead time reduction;Outsourcing;Supply chains;Technology management;Transportation},
doi={10.1109/WiCom.2008.1542},}

@article{Yang2000225,
  title = "A decision model for \{IS\} outsourcing ",
  journal = "International Journal of Information Management ",
  volume = "20",
  number = "3",
  pages = "225 - 239",
  year = "2000",
  issn = "0268-4012",
  doi = "http://dx.doi.org/10.1016/S0268-4012(00)00007-4",
  author = "Chyan Yang and Jen-Bor Huang"
}

@INPROCEEDINGS{GeVo2009,
  author={Gerhard, D. and Voigt, K.-I.},
  booktitle={Management of Engineering Technology, 2009. PICMET 2009. Portland International Conference on},
  title={Technology make-or-buy decisions in the german industry: Criteria, methods and organization},
  year={2009},
  pages={609-618},
  doi={10.1109/PICMET.2009.5262137}
}

@MISC{Kneuper2009,
  author={Kneuper, Ralf},
  title={Verbesserung der Beschaffung von Produkten und Leistungen auf Basis des CMMI f"ur Akquisition (CMMI-ACQ)},
  howpublished={\url{http://www.kneuper.de/Publikationen/Vortraege/CMMI-ACQv2.pdf}},
  year={2009},
  month={May},
  note={Accessed:	2013-12-27}
}

@INPROCEEDINGS{LaWa2007,
  author={Land, S. and Walz, J.},
  booktitle={Practical Support for ISO 9001 Software Project Documentation: Using IEEE Software Engineering Standards},
  title={12207 Primary Life Cycle Processes and ISO 9001},
  year={2007},
  pages={46-50}
}

@article{Boehm2009,
  author = {B{\"o}hm, Markus and Leimeister, Stefanie and Riedl, Christoph and Krcmar, Helmut},
  journal = {Information Management und Consulting},
  number = 2,
  pages = {6--14},
  title = {Cloud Computing: Outsourcing 2.0 oder ein neues Geschäftsmodell zur Bereitstellung von IT-Ressourcen?},
  volume = 24,
  year = 2009
}

@incollection{Picot2001,
  year={2011},
  isbn={978-3-642-18109-2},
  booktitle={Trust in IT},
  editor={Picot, Arnold and Götz, Thomas and Hertz, Udo},
  doi={10.1007/978-3-642-18110-8_5},
  title={Gelöste und ungelöste Rechtsfragen im IT-Outsourcing und Cloud Computing},
  publisher={Springer Berlin Heidelberg},
  author={Duisberg, Alexander},
  pages={49-70}
}

@article{Motahari2009,
    author = {Motahari-Nezhad, Hamid R. and Stephenson, Bryan and Singha, Sharad},
    journal = {IEEE IT Professional, Special Issue on Cloud Computing},
    month = sep,
    number = {2},
    title = {Outsourcing Business to Cloud Computing Services: Opportunities and Challenges},
    volume = {11},
    year = {2009}
}
 
@article{Mikita2012,
    author = {Mikita, Dan and DeHondt, Gerald},
    journal = {Journal of Information Systems Applied Research},
    month = {july},
    number = {3},
    title = {Outsourcing Best Practices},
    volume = {5},
    year = {2012}
}


@article{Ardelt2011,
  author = {Mathias Ardelt and Frank D{\"o}litzscher and Martin Knahl and Christoph Reich},
  title = {Sicherheitsprobleme f{\"u}r IT-Outsourcing durch Cloud Computing},
  journal = {HMD - Praxis Wirtschaftsinform.},
  volume = {281},
  year = {2011}
}
